@article{fullsubnet,
	author={Hao, Xiang and Su, Xiangdong and Horaud, Radu and Li, Xiaofei},
	title={{FullSubNet: a full-band and sub-band fusion model for real-time single-channel speech enhancement}},
	booktitle={ICASSP 2021-2021 IEEE International Conference on Acoustics, Speech and Signal Processing (ICASSP)},
	pages={6633--6637},
	year={2021},
	organization={IEEE}
}

@inproceedings{dccrn,
	author={Hu, Yanxin and Liu, Yun and Lv, Shubo and Xing, Mengtao and Zhang, Shimin and Fu, Yihui and Wu, Jian and Zhang, Bihong and Xie, Lei},
	title={{DCCRN: Deep complex convolution recurrent network for phase-aware speech enhancement}},
	booktitle={Proc. Interspeech 2020},
	pages={2472--2476},
	year={2020},
	doi={10.21437/Interspeech.2020-2537}
}

@inproceedings{dtln,
	author={Nils L. Westhausen and Bernd T. Meyer},
	title={{Dual-Signal Transformation LSTM Network for Real-Time Noise Suppression}},
	year=2020,
	booktitle={Proc. Interspeech 2020},
	pages={2477--2481},
	doi={10.21437/Interspeech.2020-2631},
	url={http://dx.doi.org/10.21437/Interspeech.2020-2631}
}


@inproceedings{subbandmodel,
	author={Li, Xiaofei and Horaud, Radu},
	title={{Online Monaural Speech Enhancement Using Delayed Subband LSTM}},
	year=2020,
	booktitle={Proc. Interspeech 2020},
	pages={2462--2466}
}




@BOOK{mdft,
	AUTHOR = "Julius O. Smith",
	TITLE = "Mathematics of the Discrete Fourier Transform (DFT)",
	PUBLISHER = "W3K Publishing",
	ADDRESS = "\htmladdnormallink{http://www.w3k.org/books/}{http://www.w3k.org/books/}",
	YEAR = 2007,
	ISBN = " 978-0-9745607-4-8"
}



@article{fft_cooley,
	title={An algorithm for the machine calculation of complex Fourier series},
	author={Cooley, James W and Tukey, John W},
	journal={Mathematics of computation},
	volume={19},
	number={90},
	pages={297--301},
	year={1965},
	publisher={JSTOR}
}

@inproceedings{fft_for_fun,
	title={Fast Fourier transforms: for fun and profit},
	author={Gentleman, W Morven and Sande, Gordon},
	booktitle={Proceedings of the November 7-10, 1966, fall joint computer conference},
	pages={563--578},
	year={1966}
}

@article{fft_brigham,
	title={The fast Fourier transform},
	author={Brigham, E Oran and Morrow, RE},
	journal={IEEE spectrum},
	volume={4},
	number={12},
	pages={63--70},
	year={1967},
	publisher={IEEE}
}

@article{historical_fft,
	title={Historical notes on the fast Fourier transform},
	author={Cooley, James W and Lewis, Peter AW and Welch, Peter D},
	journal={Proceedings of the IEEE},
	volume={55},
	number={10},
	pages={1675--1677},
	year={1967},
	publisher={IEEE}
}

@article{ws_fft,
	title={What is the fast Fourier transform?},
	author={Cochran, William T and Cooley, James W and Favin, David L and Helms, Howard D and Kaenel, Reginald A and Lang, William W and Maling, George C and Nelson, David E and Rader, Charles M and Welch, Peter D},
	journal={Proceedings of the IEEE},
	volume={55},
	number={10},
	pages={1664--1674},
	year={1967},
	publisher={IEEE}
}

@article{fft_bergland,
	title={Numerical analysis: A fast Fourier transform algorithm for real-valued series},
	author={Bergland, Glenn D},
	journal={Communications of the ACM},
	volume={11},
	number={10},
	pages={703--710},
	year={1968},
	publisher={ACM New York, NY, USA}
}

@article{fft_rader_brenner,
	title={A new principle for fast Fourier transformation},
	author={Rader, C and Brenner, NJIToA},
	journal={IEEE Transactions on Acoustics, Speech, and Signal Processing},
	volume={24},
	number={3},
	pages={264--266},
	year={1976},
	publisher={IEEE}
}

@incollection{fft_springer_nuss,
	title={The fast Fourier transform},
	author={Nussbaumer, Henri J},
	booktitle={Fast Fourier Transform and Convolution Algorithms},
	pages={80--111},
	year={1981},
	publisher={Springer}
}




@article{dns,
	title={The interspeech 2020 deep noise suppression challenge: Datasets, subjective testing framework, and challenge results},
	author={Reddy, Chandan KA and Gopal, Vishak and Cutler, Ross and Beyrami, Ebrahim and Cheng, Roger and Dubey, Harishchandra and Matusevych, Sergiy and Aichner, Robert and Aazami, Ashkan and Braun, Sebastian and others},
	year={2020}
}

@article{chime,
	title={The fifth'CHiME'speech separation and recognition challenge: dataset, task and baselines},
	author={Barker, Jon and Watanabe, Shinji and Vincent, Emmanuel and Trmal, Jan},
	year={2018}
}

@inproceedings{demand,
	title={The Diverse Environments Multi-channel Acoustic Noise Database (DEMAND): A database of multichannel environmental noise recordings},
	author={Thiemann, Joachim and Ito, Nobutaka and Vincent, Emmanuel},
	booktitle={Proceedings of Meetings on Acoustics ICA2013},
	volume={19},
	number={1},
	pages={35--81},
	year={2013},
	organization={Acoustical Society of America}
}

@article{edata,
	title={Noisy speech database for training speech enhancement algorithms and tts models},
	author={Valentini-Botinhao, Cassia and others},
	year={2017},
	publisher={University of Edinburgh. School of Informatics. Centre for Speech Technology}
}

@inproceedings{vivos,
	title={A non-expert Kaldi recipe for Vietnamese speech recognition system},
	author={Luong, Hieu Thi and Vu, Hai Quan},
	booktitle={Proceedings of the Third International Workshop on Worldwide Language Service Infrastructure and Second Workshop on Open Infrastructures and Analysis Frameworks for Human Language Technologies (WLSI/OIAF4HLT2016)},
	pages={51--55},
	year={2016}
}



@article{mos,
	title={Mean opinion score (MOS) revisited: methods and applications, limitations and alternatives},
	author={Streijl, Robert C and Winkler, Stefan and Hands, David S},
	journal={Multimedia Systems},
	volume={22},
	number={2},
	pages={213--227},
	year={2016},
	publisher={Springer}
}

@inproceedings{stoi,
	title={A short-time objective intelligibility measure for time-frequency weighted noisy speech},
	author={Taal, Cees H and Hendriks, Richard C and Heusdens, Richard and Jensen, Jesper},
	booktitle={2010 IEEE international conference on acoustics, speech and signal processing},
	pages={4214--4217},
	year={2010},
	organization={IEEE}
}

@inproceedings{pesq,
	title={Perceptual evaluation of speech quality (PESQ)-a new method for speech quality assessment of telephone networks and codecs},
	author={Rix, Antony W and Beerends, John G and Hollier, Michael P and Hekstra, Andries P},
	booktitle={2001 IEEE international conference on acoustics, speech, and signal processing. Proceedings (Cat. No. 01CH37221)},
	volume={2},
	pages={749--752},
	year={2001},
	organization={IEEE}
}

@incollection{speech_enhancement,
	title={Objective Quality and Intelligibility Measures},
	booktitle={Speech enhancement: theory and practice},
	author={Loizou, Philipos C},
	year={2007},
	publisher={CRC press},
	pages={459--578}
}

@inproceedings{dnsmos,
	title={Dnsmos: A non-intrusive perceptual objective speech quality metric to evaluate noise suppressors},
	author={Reddy, Chandan KA and Gopal, Vishak and Cutler, Ross},
	booktitle={ICASSP 2021-2021 IEEE International Conference on Acoustics, Speech and Signal Processing (ICASSP)},
	pages={6493--6497},
	year={2021},
	organization={IEEE}
}

@inproceedings{dnsmos_p835,
	title={DNSMOS P. 835: A non-intrusive perceptual objective speech quality metric to evaluate noise suppressors},
	author={Reddy, Chandan KA and Gopal, Vishak and Cutler, Ross},
	booktitle={ICASSP 2022-2022 IEEE International Conference on Acoustics, Speech and Signal Processing (ICASSP)},
	pages={886--890},
	year={2022},
	organization={IEEE}
}



@article{itu_p808,
	title={ITU-T Recommendation P.808: Subjective evaluation of speech quality with a crowdsourcing approach},
	year={2021},
	publisher={International Telecommunication Union, Geneva}
}

@article{itu_p835,
	title={ITU-T Recommendation P.835: Subjective test methodology for evaluating speech communication systems that include noise suppression algorithm},
	year={2003},
	publisher={International Telecommunication Union, Geneva}
}

@incollection{speechassessment,
	title={Speech quality assessment},
	author={Loizou, Philipos C},
	booktitle={Multimedia analysis, processing and communications},
	pages={623--654},
	year={2011},
	publisher={Springer}
}



@inproceedings{sisdr,
	title={SDR--half-baked or well done?},
	author={Le Roux, Jonathan and Wisdom, Scott and Erdogan, Hakan and Hershey, John R},
	booktitle={ICASSP 2019-2019 IEEE International Conference on Acoustics, Speech and Signal Processing (ICASSP)},
	pages={626--630},
	year={2019},
	organization={IEEE}
}

@article{wavert,
	title={Low latency real-time audio streaming},
	author={Berreth, Frank},
	journal={U.S. Patent No. 7,706,901},
	year={2010},
	publisher={Washington, DC: U.S. Patent and Trademark Office}
}

@book{dev_driver_wdf,
	title={Developing Drivers with the Windows Driver Foundation: Dev Driver Win Driver Foudation},
	author={Orwick, Penny and Smith, Guy},
	year={2007},
	publisher={Microsoft Press}
}

@book{win_internals,
	title={Windows Internals},
	author={Yosifovich, Pavel and Solomon, David A and Ionescu, Alex},
	year={2017},
	publisher={Microsoft Press}
}





@article{mel_freq,
	title={Music 175: Psychoacoustics Spring 2020},
	author={Smyth, Tamara},
	journal={Music Journal},
	volume={3},
	number={2},
	pages={45--52},
	year={2020}
}

@article{itu_p862.1,
	title={ITU-T Recommendation P.862.1: Mapping function for transforming P.862 raw result scores to MOS-LQO},
	year={2003},
	publisher={International Telecommunication Union, Geneva}
}

@article{itu_p862.2,
	title={ITU-T Recommendation P.862.2: Wideband extension to Recommendation P.862 for the assessment of wideband telephone networks and speech codecs},
	year={2007},
	publisher={International Telecommunication Union, Geneva}
}

@article{ansi_s1.11,
	title={ANSI S1.11: American National Standard Specification for Octave-Band and Fractional-Octave-Band Analog and Digital Filters},
	year={2004},
	publisher={American National Standard Institute, Acoustical Society of America (ASA)}
}




@book{psychoacoustics,
	title={Psychoacoustics: Facts and models},
	author={Zwicker, Eberhard and Fastl, Hugo},
	volume={22},
	year={2013},
	publisher={Springer Science \& Business Media}
}

@article{scale_sone,
	title={A scale for the measurement of a psychological magnitude: loudness.},
	author={Stevens, Stanley Smith},
	journal={Psychological Review},
	volume={43},
	number={5},
	pages={405},
	year={1936},
	publisher={Psychological Review Company}
}

@article{measurement_loudness,
	title={The measurement of loudness},
	author={Stevens, Stanley S},
	journal={The Journal of the Acoustical Society of America},
	volume={27},
	number={5},
	pages={815--829},
	year={1955},
	publisher={Acoustical Society of America}
}

@article{loudness_complex,
	title={Calculation of the loudness of complex noise},
	author={Stevens, SS},
	journal={The Journal of the Acoustical Society of America},
	volume={28},
	number={5},
	pages={807--832},
	year={1956},
	publisher={Acoustical Society of America}
}

@article{func_near_threshold,
	title={The form of the psychophysical function near threshold},
	author={Marks, Lawrence E and Stevens, Joseph C},
	journal={Perception \& Psychophysics},
	volume={4},
	number={5},
	pages={315--318},
	year={1968},
	publisher={Springer}
}

@article{func_masking_noise,
	title={Form of the loudness function in the presence of masking noise},
	author={Lochner, JPA and Burger, JF},
	journal={The Journal of the Acoustical Society of America},
	volume={33},
	number={12},
	pages={1705--1707},
	year={1961},
	publisher={Acoustical Society of America}
}

@article{loudness_model,
	title={A model of loudness summation.},
	author={Zwicker, Eberhard and Scharf, Bertram},
	journal={Psychological review},
	volume={72},
	number={1},
	pages={3},
	year={1965},
	publisher={American Psychological Association}
}

@article{iso_532,
	title={ISO 532-A: Acoustics - Method for calculating loudness - Zwicker's method},
	year={2017},
	publisher={International Standard}
}




@article{stft_allen,
	title={Short term spectral analysis, synthesis, and modification by discrete Fourier transform},
	author={Allen, Jonathan},
	journal={IEEE Transactions on Acoustics, Speech, and Signal Processing},
	volume={25},
	number={3},
	pages={235--238},
	year={1977},
	publisher={IEEE}
}

@article{stft_allen_rabiner,
	title={A unified approach to short-time Fourier analysis and synthesis},
	author={Allen, Jont B and Rabiner, Lawrence R},
	journal={Proceedings of the IEEE},
	volume={65},
	number={11},
	pages={1558--1564},
	year={1977},
	publisher={IEEE}
}



@article{lstm,
	title={Long short-term memory},
	author={Hochreiter, Sepp and Schmidhuber, J{\"u}rgen},
	journal={Neural computation},
	volume={9},
	number={8},
	pages={1735--1780},
	year={1997},
	publisher={MIT Press}
}

@article{forget_gate,
	title={Learning to forget: Continual prediction with LSTM},
	author={Gers, Felix A and Schmidhuber, J{\"u}rgen and Cummins, Fred},
	journal={Neural computation},
	volume={12},
	number={10},
	pages={2451--2471},
	year={2000},
	publisher={MIT Press}
}




@incollection{approximate_trigonometric,
	title={Approximation to periodic functions},
	author={Powell, Michael James David and others},
	booktitle={Approximation theory and methods},
	year={1981},
	publisher={Cambridge university press},
	pages={150--163}
}

@article{mat_120B_notes,
	title={Fourier Analysis, Notes for Mat 120B},
	author={Low, Erik and Winther, Ragnar},
	year={2001},
	publisher={University of Oslo}
}



@incollecttion{understand_fft,
	title={Instrument Fundamentals: Understanding FFTs and Windowing},
	author={National Instruments},
	booktitle={Instrument Fundamentals Series},
	publisher={National Instruments},
	url={https://www.ni.com/}
}

